<record><leader>00000cas a22000007a 4500</leader><controlfield tag="001">9540921</controlfield><controlfield tag="008">830524d18541885ohuwr ne      0    0eng d</controlfield><datafield ind1=" " ind2=" " tag="010"><subfield code="a">sn 83035136 </subfield></datafield><datafield ind1=" " ind2=" " tag="040"><subfield code="a">NPY</subfield><subfield code="b">eng</subfield><subfield code="c">NPY</subfield><subfield code="d">NPX</subfield><subfield code="d">DLC</subfield><subfield code="d">NPU</subfield><subfield code="d">NPY</subfield><subfield code="d">ONP</subfield><subfield code="d">NVF</subfield><subfield code="d">OCL</subfield><subfield code="d">DLC</subfield><subfield code="d">OCLCA</subfield><subfield code="d">OCLCF</subfield></datafield><datafield ind1="1" ind2=" " tag="029"><subfield code="a">AU@</subfield><subfield code="b">000025839251</subfield></datafield><datafield ind1=" " ind2=" " tag="042"><subfield code="a">msc</subfield></datafield><datafield ind1="0" ind2="0" tag="050"><subfield code="a">Newspaper 9214-X</subfield></datafield><datafield ind1="0" ind2=" " tag="130"><subfield code="a">Cleveland weekly leader (Cleveland, Ohio : 1854)</subfield></datafield><datafield ind1="0" ind2="0" tag="245"><subfield code="a">Cleveland weekly leader.</subfield></datafield><datafield ind1="1" ind2="0" tag="246"><subfield code="a">Cleveland leader</subfield></datafield><datafield ind1=" " ind2=" " tag="260"><subfield code="a">Cleveland [Ohio] :</subfield><subfield code="b">Medill, Cowles &amp; Co.,</subfield><subfield code="c">1854-1885.</subfield></datafield><datafield ind1=" " ind2=" " tag="300"><subfield code="a">v.</subfield></datafield><datafield ind1=" " ind2=" " tag="310"><subfield code="a">Weekly,</subfield><subfield code="b">June 20, 1860-1885</subfield></datafield><datafield ind1=" " ind2=" " tag="321"><subfield code="a">Weekly,</subfield><subfield code="b">1854-Feb. 1, 1860</subfield></datafield><datafield ind1=" " ind2=" " tag="321"><subfield code="a">Semiweekly,</subfield><subfield code="b">Feb. 8-June 13, 1860</subfield></datafield><datafield ind1="0" ind2=" " tag="362"><subfield code="a">Vol. 8, no. 10 (Mar. 15, 1854)-v. 38, no. 11 (Mar. 14, 1885).</subfield></datafield><datafield ind1=" " ind2=" " tag="500"><subfield code="a">Republican.</subfield></datafield><datafield ind1=" " ind2=" " tag="580"><subfield code="a">Daily morning eds.: Cleveland morning leader, 1854-1865, and: Cleveland leader (Cleveland, Ohio : 1865), 1865, and: Cleveland daily leader, 1865-1873, and: Cleveland leader (Cleveland, Ohio : 1874), 1874-1885.</subfield></datafield><datafield ind1=" " ind2=" " tag="580"><subfield code="a">Daily evening ed.: Cleveland evening leader, &lt;1865&gt;.</subfield></datafield><datafield ind1=" " ind2=" " tag="580"><subfield code="a">Triweekly ed.: Cleveland tri-weekly leader, 1854-&lt;1881&gt;.</subfield></datafield><datafield ind1=" " ind2="0" tag="651"><subfield code="a">Cleveland (Ohio)</subfield><subfield code="v">Newspapers.</subfield></datafield><datafield ind1=" " ind2="0" tag="651"><subfield code="a">Cuyahoga County (Ohio)</subfield><subfield code="v">Newspapers.</subfield></datafield><datafield ind1=" " ind2="7" tag="655"><subfield code="a">Newspapers.</subfield><subfield code="2">fast</subfield><subfield code="0">(OCoLC)fst01423814</subfield></datafield><datafield ind1=" " ind2="7" tag="651"><subfield code="a">Ohio</subfield><subfield code="z">Cleveland.</subfield><subfield code="2">fast</subfield><subfield code="0">(OCoLC)fst01205966</subfield></datafield><datafield ind1=" " ind2="7" tag="651"><subfield code="a">Ohio</subfield><subfield code="z">Cuyahoga County.</subfield><subfield code="2">fast</subfield><subfield code="0">(OCoLC)fst01202752</subfield></datafield><datafield ind1=" " ind2=" " tag="752"><subfield code="a">United States</subfield><subfield code="b">Ohio</subfield><subfield code="c">Cuyahoga</subfield><subfield code="d">Cleveland.</subfield></datafield><datafield ind1="1" ind2=" " tag="775"><subfield code="t">Cleveland morning leader</subfield><subfield code="w">(DLC)sn 83035143</subfield></datafield><datafield ind1="1" ind2=" " tag="775"><subfield code="t">Cleveland leader (Cleveland, Ohio : 1865)</subfield><subfield code="x">2327-1353</subfield><subfield code="w">(DLC)sn 83035144</subfield><subfield code="w">(OCoLC)9541313</subfield></datafield><datafield ind1="1" ind2=" " tag="775"><subfield code="t">Cleveland daily leader</subfield><subfield code="w">(DLC)sn 85042437</subfield></datafield><datafield ind1="1" ind2=" " tag="775"><subfield code="t">Cleveland leader (Cleveland, Ohio : 1874)</subfield><subfield code="w">(DLC)sn 85038697</subfield></datafield><datafield ind1="1" ind2=" " tag="775"><subfield code="t">Cleveland evening leader</subfield><subfield code="w">(DLC)sn 85025851</subfield></datafield><datafield ind1="1" ind2=" " tag="775"><subfield code="t">Cleveland tri-weekly leader</subfield><subfield code="x">2327-1388</subfield><subfield code="w">(DLC)sn 83035163</subfield><subfield code="w">(OCoLC)9647609</subfield></datafield><datafield ind1="0" ind2="0" tag="780"><subfield code="t">Weekly Forest City Democrat</subfield><subfield code="w">(DLC)sn 83035135</subfield></datafield><datafield ind1="0" ind2="7" tag="785"><subfield code="t">Cleveland weekly herald (Cleveland, Ohio)</subfield><subfield code="w">(DLC)sn 83035162</subfield></datafield><datafield ind1="0" ind2="7" tag="785"><subfield code="t">Cleveland weekly leader and herald</subfield><subfield code="w">(DLC)sn 83035137</subfield></datafield></record>